@misc{rulebook,
    author = "{Marc Andr√©}",
    title = "{Splendor Rulebook}",
    year = "2014",
    howpublished = {\url{https://jatekdij.hu/tartalom/tarsasjatek/Splendor.pdf/}},
    note = "[Online]"
}

@misc{cities,
    author = "{Games Up}",
    title = "{Splendor - The Cities}",
    year = "2018",
    howpublished = {\url{https://store.steampowered.com/app/797510/Splendor__The_Cities/}},
    note = "[Online]"
}

@misc{strongholds,
    author = "{Days of Wonder}",
    title = "{Splendor - The Strongholds}",
    year = "2018",
    howpublished = {\url{https://store.steampowered.com/app/798250/Splendor__The_Strongholds/}},
    note = "[Online]"
}

@misc{trading,
    author = "{Games Up}",
    title = "{Splendor - The Trading Posts}",
    year = "2020",
    howpublished = {\url{https://store.steampowered.com/app/798252/Splendor__The_Trading_Posts/}},
    note = "[Online]"
}
